<?xml version="1.0" encoding="UTF-8"?><collection xmlns="http://www.loc.gov/MARC21/slim"><record><leader>00513nam--2200157-i-4500</leader><controlfield tag="001">000026893</controlfield><controlfield tag="002">20161230</controlfield><controlfield tag="005">20161230201036</controlfield><controlfield tag="008">060222s1000------------r-----000-0-eng-d</controlfield><datafield ind1=" " ind2=" " tag="080"><subfield code="a">517</subfield></datafield><datafield ind1="1" ind2=" " tag="100"><subfield code="a">Knopp, Konrad</subfield></datafield><datafield ind1="1" ind2="0" tag="245"><subfield code="a">Theory and application of infinite series. transl.from the second german edition and revised in accordance with the fourth by miss r.c.j.young</subfield></datafield><datafield ind1=" " ind2=" " tag="260"><subfield code="a">London, Blackie &amp; Son Ltd., 1966, Xii + 563p</subfield></datafield><datafield ind1=" " ind2=" " tag="700"><subfield code="a">Konrad Knopp</subfield></datafield><datafield ind1=" " ind2=" " tag="852"><subfield code="a">27684</subfield><subfield code="c">517</subfield></datafield><datafield ind1=" " ind2=" " tag="CAT"><subfield code="a">Sys</subfield><subfield code="c">20080618</subfield><subfield code="h">095035</subfield></datafield></record></collection>